% --BOOK类举例--
@BOOK{AC1,
	AUTHOR = "卿斯汉 and 刘文清 and 温红子",
	TITLE = "操作系统安全",
	PUBLISHER = "清华大学出版社",
	YEAR = "2004",
}
% --期刊类举例--
@article{AC4,
	AUTHOR = "David Elliot\ Bell and Leonard J.\ Lapadula",
	TITLE = "Secure Computer Systems: Mathematical Foundations",
	JOURNAL = "MITRE Corporation",
	YEAR = "1973",

}
% --其他--
@MISC{SEL3,
	AUTHOR = "S.\ Smalley",
	TITLE = "Configuring the SELinux Policy",
	URL = "http://www.nsa.gov/research/\_files/selinux/papers/
	policy2-abs.shtml"
}
